
@online{viteGuide,
    title           = {Vite Guide},
    year            = {2025},
    organization    = {{Vite}},
    url             = {https://vite.dev/guide},
    urldate         = {2025-04-24}
}

@misc{Jira, 
    title   ={Comprehensive kanban tutorial with Jira | Atlassian}, 
    URL     ={https://www.atlassian.com/agile/tutorials/how-to-do-kanban-with-jira}, 
    journal ={Atlassian}, 
    author  ={Maynard, Claire},
    urldate = {2025-05-03}
}

@online{react, 
    url             = {https://react.dev/}, 
    urldate         = {2025-02-04},
    title           = {React},
    organization    = {{React}},
    year            = {2025}
}

@online{typescript, 
    title={What is TypeScript?}, 
    url={https://www.typescriptlang.org/}, 
    organization={{Microsoft}},
    year={2024}, 
    month={05} 
}


@online{Canva,
    title           = {Color Wheel},
    year            = {2025},
    organization    = {{Canva}},
    url             = {https://www.canva.com/colors/color-wheel/},
    urldate         = {2025-04-03}
}

@online{UptimeRobot,
    title           = {UptimeRobot},
    year            = {2025},
    organization    = {{UptimeRobot}},
    url             = {https://uptimerobot.com/},
    urldate         = {2025-01-25}
}

@online{Grafana,
    title           = {Grafana},
    year            = {2025},
    organization    = {{Grafana}},
    url             = {https://grafana.com/},
    urldate         = {2025-01-25}
}

@online{Figma,
    title           = {What is color theory?},
    year            = {2025},
    organization    = {{Figma}},
    url             = {https://www.figma.com/resource-library/what-is-color-theory/},
    urldate         = {2025-04-03}
}


@online{akamai,
    title           = {What Is Website Monotoring?},
    year            = {2025},
    organization    = {{Akamai}},
    url             = {https://www.akamai.com/glossary/what-is-website-monitoring},
    urldate         = {2025-04-03}
}

@online{ParkUni,
    title           = {A Guide to Color Theory In Graphic Design},
    year            = {2025},
    month           = {6},
    day             = {24},
    organization    = {{Park University}},
    url             = {https://www.park.edu/blog/a-guide-to-color-theory-in-graphic-design/},
    urldate         = {2025-04-03}
}

@online{snl,
    title       = {Fargelære},
    year        = {2024},
    month       = {11},
    day         = {25}, 
    author      = {Torger Holtsmark},
    url         = {https://snl.no/fargelære},
    urldate     = {2025-04-02}
}

@online{IBMwebmonitor,
    title       = {What is website monitoring?},
    year        = {2024},
    month       = {3},
    day         = {20}, 
    author      = {Keith O'Brien},
    url         = {https://www.ibm.com/think/topics/website-monitoring},
    urldate     = {2025-03-12}
}

@online{Mui,
  title        = {Material UI - Overview},
  organization = {MUI},
  year         = {2024},
  url          = {https://mui.com/material-ui/getting-started/},
  urldate      = {2025-03-21}
}

@article{McKinsey,
    title       ={What is cybersecurity?},
    organization = {McKinsey & Company},
    pages       ={8},
    year        ={2023},
    month       ={4},
    day         ={3},
    url         ={https://www.mckinsey.com/featured-insights/mckinsey-explainers/what-is-cybersecurity#/},
    urldate     = {2025-03-27}
}


@online{IBMobservability,
    title       = {What is observability?},
    year        = {2024},
    month       = {11},
    day         = {13}, 
    organization = {IBM},
    url         = {https://www.ibm.com/think/topics/observability},
    urldate     = {2025-03-14}
}


@online{Uptrendsmonitoring,
    title       = {What is Website Monitoring?},
    year        = {2025},
    organization = {uptrends},
    url         = {https://www.uptrends.com/what-is/website-monitoring},
    urldate     = {2025-03-07}
}

@online{DNS,
    title       = {Domain Name System (DNS)},
    year        = {2025},
    month       = {02},
    day         = {15}, 
    organization = {GeeksForGeeks},
    url         = {https://www.geeksforgeeks.org/domain-name-system-dns-in-application-layer/},
    urldate     = {2025-03-07}
}

@online{testRigor,
    title       ={What is Functional Monitoring?},
    author      = {Hari Mahesh},
    year        ={2021},
    month       ={2},
    day         ={18},
    url         ={https://testrigor.com/blog/what-is-functional-monitoring/},
    urldate     = {2025-03-16}
}

@book{FewDashboard,
    publisher = {O'Reilly Media, Inc.},
    title       = {Information Dashboard Design: The Effective Visual Communication of Data},
    author      = {Stephen Few},
    year        = {2006},
}

@book{sharp-2019,
	author = {Sharp, Helen and Preece, Jennifer and Rogers, Yvonne},
	month = {5},
	publisher = {John Wiley & Sons},
	title = {{Interaction design}},
	year = {2019},
}

@book{grønmo,
    publisher = {Fagbokforlaget Vigmostad & Bjørke AS},
    title       = {Samfunnsvitenskapelige metoder},
    author      = {Sigmund Grønmo},
    year        = {2016},
}

@misc{UN,
    organization = {Article 2 – Definitions | United Nations enable},
    url  = {https://www.un.org/development/desa/disabilities/convention-on-the-rights-of-persons-with-disabilities/article-2-definitions.html},
    urldate     = {2025-03-16}
}

@misc{sustainability,
    organization = {Build resilient infrastructure, promote inclusive and sustainable industrialization and foster innovation},
    url  = {https://sdgs.un.org/goals/goal9#targets_and_indicators},
    urldate     = {2025-05-10}
}





@online{OracleDB,
    title   = {What is a database?}, 
    url     ={https://www.oracle.com/database/what-is-database/}, 
    journal ={Oracle}, 
    year    ={2020},
    month   ={11},
    day     ={4},
    urldate = {2025-02-28}
}

@book{DiazDatabase,
	author = {Christopher Diaz},
	month = {10},
	publisher = {Mercury Learning and Information},
	title = {{Database Security}},
	year = {2022},
}

@book{sommerville-2011,
	author = {Sommerville, Ian},
	month = {11},
	publisher = {Pearson Higher Ed},
	title = {{Software Engineering}},
	year = {2011},
}

@article{Bangor2009,
author = {Bangor, Aaron and Kortum, Philip and Miller, James},
title = {Determining what individual SUS scores mean: adding an adjective rating scale},
year = {2009},
issue_date = {May 2009},
publisher = {Usability Professionals' Association},
address = {Bloomingdale, IL},
volume = {4},
number = {3},
journal = {J. Usability Studies},
month = may,
pages = {114–123},
numpages = {10},
keywords = {SUS, surveys, system usability scale, usability, user satisfaction}
}


@online{MeasuringSUS2011,
    title   = {Measuring Usability with the System Usability Scale (SUS)}, 
    url     ={https://measuringu.com/sus/}, 
    author ={Jeff Sauro}, 
    year    ={2011},
    month   ={2},
    day     ={3},
    urldate = {2025-04-05}
}

@online{InterpretSUS2018,
    author       = {Sauro, Jeff},
    title        = {How to Interpret a SUS Score},
    organization = {MeasuringU},
    year         = {2018},
    month        = {9},
    day          = {19},
    url          = {https://measuringu.com/interpret-sus-score/},
    urldate      = {2025-04-28}
}

@online{node, 
    url={https://nodejs.org/en/about},
    title={About Node.js},
    organization ={Node.js}, 
    urldate = {2025-03-17},
    
}

@online{wcag,
    title   = {Oppbygging av WCAG 2.1}, 
    url     ={https://www.uutilsynet.no/wcag-standarden/oppbygging-av-wcag-21/139#oppbygging}, 
    organization ={Digitaliseringsdirektoratet}, 
    urldate = {2025-03-11}
}

@book{hammarberg-2014,
	author = {Hammarberg, Marcus and Sunden, Joakim},
	month = {3},
	publisher = {Manning},
	title = {{Kanban in action}},
	year = {2014},
}


@misc{fargebilde, title={Edouard Fouché | blog}, url={https://edouardfouche.com/The-Extended-Color-Wheel-by-Itten/}, journal={All Rights Reserved - Edouard Fouché}, author={Fouché, Edouard}, urldate = {2025-04-20},  
    year    = {2017}, 
    month   = {07},
    day     = {05},
}

@incollection{Brooke1996,
    author     = {Brooke, John},
    title      = {SUS: A ``quick and dirty'' usability scale},
    booktitle  = {Usability Evaluation in Industry},
    editor     = {Jordan, P. W. and Thomas, B. and Weerdmeester, B. A. and McClelland, I. L.},
    publisher  = {Taylor \& Francis},
    address    = {London},
    year       = {1996},
    pages      = {189--194}
}

@incollection{LewisSauro2009,
    author     = {Lewis, James R. and Sauro, Jeff},
    title      = {The Factor Structure of the System Usability Scale},
    booktitle  = {Human Centered Design: Proceedings of the 1st International Conference, HCD 2009, Held as Part of HCI International 2009},
    series     = {Lecture Notes in Computer Science},
    volume     = {5619},
    editor     = {Kurosu, Masaaki},
    publisher  = {Springer},
    address    = {Berlin},
    year       = {2009},
    pages      = {94--103},
    doi        = {10.1007/978-3-642-02806-9_12}
}

@online{AHRQ_SUS,
    author        = {{Agency for Healthcare Research and Quality}},
    title         = {System Usability Scale (SUS) Questionnaire},
    organization  = {AHRQ},
    year          = {n.d.},
    howpublished  = {Survey instrument},
    url           = {https://digital.ahrq.gov/sites/default/files/docs/survey/systemusabilityscale%28sus%29_comp.pdf},
    urldate       = {2025-04-28},
    note          = {PDF instrument used in this study}
}


@online{Nielsen1994,
    title   = {10 Usability heuristics for user interface design}, 
    url     = {https://www.nngroup.com/articles/ten-usability-heuristics/}, 
    journal = {Nielsen Norman Group}, 
    author  = {Nielsen, Jakob}, 
    year    = {1994}, 
    month   = {04},
    day     = {24},
    urldate = {2025-04-02}
}


@book{Sutton2021,
	author = {Sutton, David},
        day   = {27},
	month = {09},
	title = {Information Risk Management: A practitioner's guide},
	year = {2021},
        publisher = {BCS, The Chartered Institute for IT},
        edition = {2}
}

@misc{func, 
    title={Functional vs. Non Functional Requirements}, 
    url={https://www.geeksforgeeks.org/functional-vs-non-functional-requirements/}, 
    journal={GeeksforGeeks}, 
    author={GeeksforGeeks}, 
    year={2025}, 
    month={01},
    urldate={2025-03-26}
}